<?xml version="1.0" encoding="UTF-8"?><collection xmlns="http://www.loc.gov/MARC21/slim"><record><leader>00458nam--2200157-i-4500</leader><controlfield tag="001">000011436</controlfield><controlfield tag="002">20161230</controlfield><controlfield tag="005">20170122000546</controlfield><controlfield tag="008">060222s1000------------r-----000-0-eng-d</controlfield><datafield ind1=" " ind2=" " tag="100"><subfield code="a">Davies, Donald W</subfield></datafield><datafield ind1=" " ind2=" " tag="245"><subfield code="a">Communication networks for computers</subfield></datafield><datafield ind1=" " ind2=" " tag="260"><subfield code="a">New York</subfield><subfield code="b">John Wiley &amp; Sons</subfield><subfield code="c">1973</subfield></datafield><datafield ind1=" " ind2=" " tag="490"><subfield code="a">Wiley Series In Computing. Consulting Editor C.A.Lang</subfield></datafield><datafield ind1=" " ind2=" " tag="700"><subfield code="a">Barber, Derek L. A</subfield></datafield><datafield ind1=" " ind2=" " tag="852"><subfield code="a">621.391:681.3</subfield></datafield><datafield ind1=" " ind2=" " tag="CAT"><subfield code="a">SYS</subfield><subfield code="c">20170122</subfield><subfield code="h">000546</subfield></datafield></record></collection>